@Article{       Mehri,
    author      = {Sanei-Mehri, Seyed-Vahid and Das, Apurba and Hashemi, Hooman and Tirthapura, Srikanta},
    title       = {Mining Largest Maximal Quasi-Cliques},
    year        = {2021},
    issue_date  = {October 2021},
    publisher   = {Association for Computing Machinery},
    address     = {New York, NY, USA},
    volume      = {15},
    number      = {5},
    issn        = {1556-4681},
    url         = {https://doi.org/10.1145/3446637},
    doi         = {10.1145/3446637},
    journal     = {ACM Trans. Knowl. Discov. Data},
    month       = {apr},
    articleno   = {81},
    numpages    = {21},
    keywords    = {Quasi-Clique enumeration, Dense subgraph mining, Large-scale graphs, heuristic algorithms, In-complete subgraphs}
}